
@article{Demirel2025,
  author    = {Gökhan Demirel and Natascha Fernengel and Simon Grafenhorst and Kevin Förderer and Veit Hagenmeyer},
  title     = {PIDE: Photovoltaic integration dynamics and efficiency for autonomous control on power distribution grids},
  journal   = {Energy Informatics},
  volume    = {8},
  number    = {32},
  year      = {2025},
  doi       = {10.1186/s42162-025-00489-6},
  url       = {https://doi.org/10.1186/s42162-025-00489-6}
}


@article{becker2008a,
  author = {Steffen Becker and Heiko Koziolek and Ralf Reussner},
  title = {{The Palladio Component Model for Model-driven Performance Prediction}},
  journal = {Journal of Systems and Software},
  year = {2009},
  volume = {82},
  pages = {3--22},
  doi = {10.1016/j.jss.2008.03.066},
  publisher = {Elsevier Science Inc.},
  url = {http://dx.doi.org/10.1016/j.jss.2008.03.066}
}

@article{mittelbach2014,
  author = {Frank Mittelbach},
  title = {How to influence the position of float environments like figure and table in \LaTeX?},
  journal = {TUGboat},
  year = {2014},
  volume = {35},
  pages = {248--254},
  url = {https://www.latex-project.org/publications/tb111mitt-float.pdf},
}